<?xml version="1.0" encoding="UTF-8"?><record xmlns="http://www.loc.gov/MARC21/slim" xmlns:cinclude="http://apache.org/cocoon/include/1.0" xmlns:zs="http://www.loc.gov/zing/srw/">
  <leader>00381nz  a2200121n  4500</leader>
  <controlfield tag="001">nr 00028398 </controlfield>
  <controlfield tag="003">DLC</controlfield>
  <controlfield tag="005">20000916033721.0</controlfield>
  <controlfield tag="008">000907n| acannaabn          |n aaa     c</controlfield>
  <datafield tag="010" ind1=" " ind2=" ">
    <subfield code="a">nr 00028398 </subfield>
  </datafield>
  <datafield tag="040" ind1=" " ind2=" ">
    <subfield code="a">DSI-HMS</subfield>
    <subfield code="b">eng</subfield>
    <subfield code="c">DSI-HMS</subfield>
  </datafield>
  <datafield tag="100" ind1="1" ind2=" ">
    <subfield code="a">Bonora, Gustavo,</subfield>
    <subfield code="d">1930-</subfield>
  </datafield>
  <datafield tag="670" ind1=" " ind2=" ">
    <subfield code="a">Pittura '70, 1970:</subfield>
    <subfield code="b">cover (Gustavo Bonora) biography (b. 1930 in Bologna; lives and works in Milan; painter)</subfield>
  </datafield>
</record>